@book{make_own,
   title =     {Make Your Own Neural Network},
   author =    {Tariq Rashid},
   publisher = {CreateSpace Independent Publishing Platform},
   isbn =      {1530826608,9781530826605},
   year =      {2016},
   series =    {},
   edition =   {1},
   volume =    {},
   url =       {http://gen.lib.rus.ec/book/index.php?md5=9b2173fbfe2edaab6c2b4756f055b76c}
}
