@book{make_own,
   title =     {Make Your Own Neural Network},
   author =    {Tariq Rashid},
   publisher = {CreateSpace Independent Publishing Platform},
   isbn =      {1530826608,9781530826605},
   year =      {2016},
   series =    {},
   edition =   {1},
   volume =    {},
   url =       {http://gen.lib.rus.ec/book/index.php?md5=9b2173fbfe2edaab6c2b4756f055b76c}
}
@book{bengio2009learning,
  title={Learning Deep Architectures for AI},
  author={Bengio, Y.},
  isbn={9781601982940},
  series={Essence of knowledge, The},
  url={https://books.google.com.np/books?id=cq5ewg7FniMC},
  year={2009},
  publisher={Now Publishers}
}

@inproceedings{Huang:2016:DAO:2964284.2967282,
 author = {Huang, Wenyi and He, Dafang and Yang, Xiao and Zhou, Zihan and Kifer, Daniel and Giles, C. Lee},
 title = {Detecting Arbitrary Oriented Text in the Wild with a Visual Attention Model},
 booktitle = {Proceedings of the 2016 ACM on Multimedia Conference},
 series = {MM '16},
 year = {2016},
 isbn = {978-1-4503-3603-1},
 location = {Amsterdam, The Netherlands},
 pages = {551--555},
 numpages = {5},
 url = {http://doi.acm.org/10.1145/2964284.2967282},
 doi = {10.1145/2964284.2967282},
 acmid = {2967282},
 publisher = {ACM},
 address = {New York, NY, USA},
 keywords = {deep learning, scene text detection, visual attention},
}

@INPROCEEDINGS{ahok_deeplearn,
author={S. Acharya and A. K. Pant and P. K. Gyawali},
booktitle={2015 9th International Conference on Software, Knowledge, Information Management and Applications (SKIMA)},
title={Deep learning based large scale handwritten Devanagari character recognition},
year={2015},
volume={},
number={},
pages={1-6},
keywords={document image processing;handwritten character recognition;learning (artificial intelligence);neural nets;optical character recognition;DHCD;Devanagari handwritten character dataset;Devanagari script;dataset increment approach;deep CNN;deep convolutional neural network;deep learning architecture;dropout approach;handwritten documents;large scale handwritten Devanagari character recognition;optical character recognition;public image dataset;Character recognition;Convolution;Kernel;Neural networks;Testing;Training;Computer Vision;Deep Convolutional Neural Network;Deep learning;Devanagari Handwritten Character Dataset;Dropout;Image processing;Optical Character Recognition},
doi={10.1109/SKIMA.2015.7400041},
ISSN={},
month={Dec},}

